@INPROCEEDINGS{Guerrero-vasquez,
author={L. F. Guerrero-Vasquez and J. F. Bravo-Torres and M. Lopez-Nores},
booktitle={2017 IEEE XXIV International Conference on Electronics, Electrical Engineering and Computing (INTERCON)},
title={AVATAR, Autism: Virtual Agents To Augment Relationships in children},
year={2017},
pages={1-4},
keywords={Autism;Avatars;Expert systems;Information and communication technology;Robot sensing systems;Tools},
doi={10.1109/INTERCON.2017.8079705},
month={Aug},}

@INPROCEEDINGS{Alahbabi17,
author={M. Alahbabi and F. Almazroei and M. Almarzoqi and A. Almeheri and M. Alkabi and A. A. Nuaimi and M. Cappuccio and F. Alnajjar},
booktitle={2017 IEEE International Conference on Mechatronics and Automation (ICMA)},
title={Avatar based interaction therapy: A potential therapeutic approach for children with Autism},
year={2017},
pages={480-484},
keywords={avatars;human-robot interaction;medical computing;medical disorders;autistic children;avatar-based interaction therapy;communication skills;interaction time;neurodevelopment disorder;robotic-avatar therapeutic system;social interaction;Autism;Avatars;Medical treatment;Pediatrics;Robot kinematics;Robot sensing systems;Autism;Avatar-robots;Therapy},
doi={10.1109/ICMA.2017.8015864},
month={Aug},}

@INPROCEEDINGS{Pioggia08,
author={Giovanni Pioggia and Roberta Igliozzi and Maria Luisa Sica and Marcello Ferro and Filippo Muratori and Arti Ahluwalia and Danilo De Rossi},
booktitle={Journal of CyberTherapy and Rehabilitation},
title={Exploring emotional and imitational android-based interactions in autistic spectrum disorders},
year={2008},
pages={49-62},
}

@INPROCEEDINGS{Casellato2017, 
author={C. Casellato and M. Gandolla and A. Crippa and A. Pedrocchi}, 
booktitle={2017 International Conference on Rehabilitation Robotics (ICORR)}, 
title={Robotic set-up to quantify hand-eye behavior in motor execution and learning of children with autism spectrum disorder}, 
year={2017}, 
volume={}, 
number={}, 
pages={953-958}, 
keywords={biomechanics;medical disorders;medical robotics;neurophysiology;autism spectrum disorder;eye-hand coordination;gaze-hand spatial coordination;gazehand patterns;hand-eye behavior quantification;haptic pen-like handle;motor disorders;motor execution;motor learning;motor performance;neurodevelopmental disorder;robotic protocol;robotic set-up;speed-accuracy tradeoff;upper limb tasks;Conferences;Rehabilitation robotics}, 
doi={10.1109/ICORR.2017.8009372}, 
ISSN={}, 
month={July},}

@article{Chow2010,
author = {Chow, W and Lewis, Mark H and Bodfish, James W and Hass, Chris J},
doi = {10.1016/j.gaitpost.2010.02.007.Increased},
file = {:C$\backslash$:/Users/Cristina/Documents/Erasmus/Madrid/INRS/Project/papersinrs/Gait posture (citation1 da inserire).pdf:pdf},
journal = {Gait Posture},
keywords = {are a group of,asd,asperger s syndrome and,autism spectrum disorders,autistic,center of mass,center of pressure,com,cop,disorder,gait initiation,neurodevelopmental disorders,pervasive developmental disorder-not otherwise,posture,stability},
number = {1},
pages = {6--9},
title = {{Increased Static and Dynamic Postural Control in Children with Autism Spectrum Disorders}},
volume = {32},
year = {2010}
}

@misc{Green2013,
author = {Green, Shulamite A and Rudie, Jeffrey D and Colich, Natalie L and Wood, Jeffrey J and Shirinyan, David and Hernandez, Leanna and Tottenham, Nim and Dapretto, Mirella and Bookheimer, Susan Y},
booktitle = {Journal of the American Academy of Child and Adolescent Psychiatry},
doi = {10.1016/j.jaac.2013.08.004},
issn = {0890-8567 (Print)},
language = {eng},
month = {nov},
number = {11},
pmid = {24157390},
title = {{Over-Reactive Brain Responses to Sensory Stimuli in Youth With Autism Spectrum Disorders RH: fMRI Response to Sensory Stimuli in ASD}},
volume = {52},
year = {2013}
}

@article{Papa,
author = {Papadopoulos, Nicole and Mcginley, Jennifer and Tonge, Bruce and Bradshaw, John and Saunders, Kerryn and Murphy, Anna and Rinehart, Nicole},
year = {2011},
month = {09},
pages = {},
title = {Motor Proficiency and Emotional/Behavioural Disturbance in Autism and Asperger's Disorder: Another Piece of the Neurological Puzzle?},
booktitle = {Autism : the international journal of research and practice}
}

